<record><leader>00000cas a22000007a 4500</leader><controlfield tag="001">14907493</controlfield><controlfield tag="008">861201d18831919wiuwr ne      0    0ger d</controlfield><datafield ind1=" " ind2=" " tag="010"><subfield code="a">sn 86086814 </subfield></datafield><datafield ind1=" " ind2=" " tag="040"><subfield code="a">NPV</subfield><subfield code="b">eng</subfield><subfield code="c">NPV</subfield><subfield code="d">OCLCQ</subfield></datafield><datafield ind1=" " ind2=" " tag="042"><subfield code="a">msc</subfield></datafield><datafield ind1="0" ind2="4" tag="245"><subfield code="a">Der Waldbote.</subfield></datafield><datafield ind1=" " ind2=" " tag="260"><subfield code="a">Medford, Wis. :</subfield><subfield code="b">Brucker, Ludloff Co.,</subfield><subfield code="c">-1919.</subfield></datafield><datafield ind1=" " ind2=" " tag="300"><subfield code="a">v.</subfield></datafield><datafield ind1=" " ind2=" " tag="310"><subfield code="a">Weekly</subfield></datafield><datafield ind1="1" ind2=" " tag="362"><subfield code="a">Began with Jan. 1, 1883 issue.</subfield><subfield code="z">Cf. Oehlerts, d. E. Guide to Wis. newspapers.</subfield></datafield><datafield ind1="0" ind2=" " tag="362"><subfield code="a">-37th year, no. 1904 (June 26, 1919).</subfield></datafield><datafield ind1=" " ind2=" " tag="500"><subfield code="a">Publisher varies.</subfield></datafield><datafield ind1=" " ind2=" " tag="500"><subfield code="a">&quot;Organ fu&#776;r die deutschen Niederlassungen in Wisconsin.&quot;</subfield></datafield><datafield ind1=" " ind2=" " tag="588"><subfield code="a">Description based on: 4. Jahrg., no. 184 (3. Juli 1886).</subfield></datafield><datafield ind1=" " ind2=" " tag="752"><subfield code="a">United States</subfield><subfield code="b">Wisconsin</subfield><subfield code="c">Taylor</subfield><subfield code="d">Medford.</subfield></datafield><datafield ind1="0" ind2="0" tag="785"><subfield code="t">Taylor County leader</subfield><subfield code="w">(DLC)sn 86086815</subfield></datafield></record>